@book{panek2013statystyczne,
  title={Statystyczne metody wielowymiarowej analizy por{\'o}wnawczej: teoria i zastosowania},
  author={Panek, Tomasz and Zwierzchowski, Jan Karol},
  year={2013},
  publisher={Oficyna Wydawnicza, Szko{\l}a G{\l}{\'o}wna Handlowa}
}

@book{rutkowski2005metody,
  title={Metody i techniki sztucznej inteligencji: inteligencja obliczeniowa},
  author={Rutkowski, Leszek},
  year={2005},
  publisher={Wydawnictwo Naukowe PWN}
}

@misc{sixteen,
  author = {Kevin Gong},
  title = {{Analysis of the Sixteen Puzzle}},
  howpublished = "\url{http://kevingong.com/Math/SixteenPuzzle.html}",
  year = {2000}, 
  note = "[Online; Ostatni dostÄ™p 09.12.2017]"
}